<?xml version="1.0" encoding="UTF-8"?><collection xmlns="http://www.loc.gov/MARC21/slim"><record><leader>00443nas----00181-a-----</leader><controlfield tag="001">000055649</controlfield><controlfield tag="002">20161230</controlfield><controlfield tag="003">DLC</controlfield><controlfield tag="005">20170106152811</controlfield><controlfield tag="008">130318c----9999----r1--------0----0eng-d</controlfield><datafield ind1=" " ind2=" " tag="040"><subfield code="a">IFIN-HH</subfield></datafield><datafield ind1=" " ind2="0" tag="222"><subfield code="a">Acta Physica Austriaca</subfield></datafield><datafield ind1="0" ind2="0" tag="245"><subfield code="a">Acta Physica Austriaca</subfield></datafield><datafield ind1=" " ind2=" " tag="260"><subfield code="a">Wien</subfield><subfield code="b">Springer Verlag</subfield><subfield code="c">1947 - 1980</subfield></datafield><datafield ind1=" " ind2=" " tag="310"><subfield code="a">Quaterly</subfield></datafield><datafield ind1=" " ind2=" " tag="546"><subfield code="a">German Or English</subfield></datafield><datafield ind1=" " ind2=" " tag="852"><subfield code="a">P.4</subfield><subfield code="c">FIZICA</subfield></datafield><datafield ind1=" " ind2=" " tag="CAT"><subfield code="a">SYS</subfield><subfield code="c">20170106</subfield><subfield code="h">152811</subfield></datafield></record></collection>